@article{mehta,
  title={A high-bias, low-variance introduction to machine learning for physicists},
  author={Mehta, Pankaj and Bukov, Marin and Wang, Ching-Hao and Day, Alexandre GR and Richardson, Clint and Fisher, Charles K and Schwab, David J},
  journal={arXiv preprint arXiv:1803.08823},
  year={2018}
}
@article{wieringen,
  title={Lecture notes on ridge regression},
  author={van Wieringen, Wessel N},
  journal={arXiv preprint arXiv:1509.09169},
  year={2015}
}
@article{friedman,
  title={Regularization paths for generalized linear models via coordinate descent},
  author={Friedman, Jerome and Hastie, Trevor and Tibshirani, Rob},
  journal={Journal of statistical software},
  volume={33},
  number={1},
  pages={1},
  year={2010},
  publisher={NIH Public Access}
}

